<record><leader>00000cas a2200000 a 4500</leader><controlfield tag="001">24765853</controlfield><controlfield tag="008">911112d19681969iluwr ne      0   a0eng c</controlfield><datafield ind1=" " ind2=" " tag="010"><subfield code="a">sn 91055877 </subfield></datafield><datafield ind1=" " ind2=" " tag="040"><subfield code="a">NVF</subfield><subfield code="b">eng</subfield><subfield code="c">NVF</subfield><subfield code="d">NVF</subfield><subfield code="d">OCLCQ</subfield><subfield code="d">OCLCF</subfield><subfield code="d">OCLCO</subfield><subfield code="d">NVF</subfield></datafield><datafield ind1=" " ind2=" " tag="042"><subfield code="a">pcc</subfield></datafield><datafield ind1=" " ind2=" " tag="043"><subfield code="a">n-us-il</subfield></datafield><datafield ind1="0" ind2="4" tag="245"><subfield code="a">The Georgetown-Westville news.</subfield></datafield><datafield ind1="3" ind2=" " tag="246"><subfield code="a">Georgetown Westville news</subfield></datafield><datafield ind1=" " ind2=" " tag="260"><subfield code="a">Georgetown, Ill. :</subfield><subfield code="b">Edgar-Vermilion Publishers,</subfield><subfield code="c">1968-1969.</subfield></datafield><datafield ind1=" " ind2=" " tag="300"><subfield code="a">v.</subfield></datafield><datafield ind1=" " ind2=" " tag="310"><subfield code="a">Weekly</subfield></datafield><datafield ind1="0" ind2=" " tag="362"><subfield code="a">Vol. 72, no. 36 (Sept. 19, 1968)-Dec. 31, 1969.</subfield></datafield><datafield ind1=" " ind2="0" tag="651"><subfield code="a">Georgetown (Ill.)</subfield><subfield code="v">Newspapers.</subfield></datafield><datafield ind1=" " ind2="0" tag="651"><subfield code="a">Westville (Ill.)</subfield><subfield code="v">Newspapers.</subfield></datafield><datafield ind1=" " ind2="7" tag="651"><subfield code="a">Illinois</subfield><subfield code="z">Georgetown.</subfield><subfield code="2">fast</subfield><subfield code="0">(OCoLC)fst01226535</subfield></datafield><datafield ind1=" " ind2="7" tag="651"><subfield code="a">Illinois</subfield><subfield code="z">Westville.</subfield><subfield code="2">fast</subfield><subfield code="0">(OCoLC)fst01226866</subfield></datafield><datafield ind1=" " ind2="7" tag="655"><subfield code="a">Newspapers.</subfield><subfield code="2">fast</subfield><subfield code="0">(OCoLC)fst01423814</subfield></datafield><datafield ind1=" " ind2=" " tag="752"><subfield code="a">United States</subfield><subfield code="b">Illinois</subfield><subfield code="c">Vermilion</subfield><subfield code="d">Georgetown.</subfield></datafield><datafield ind1=" " ind2=" " tag="752"><subfield code="a">United States</subfield><subfield code="b">Illinois</subfield><subfield code="c">Vermilion</subfield><subfield code="d">Westville.</subfield></datafield><datafield ind1="0" ind2="0" tag="780"><subfield code="t">Georgetown news (Georgetown, Ill.)</subfield><subfield code="w">(DLC)sn 87082755</subfield><subfield code="w">(OCoLC)15869411</subfield></datafield><datafield ind1="1" ind2=" " tag="029"><subfield code="a">AU@</subfield><subfield code="b">000020750783</subfield></datafield></record>